<?xml version="1.0" encoding="UTF-8"?>
<collection>
   <!--Record: 1-->
   <record>
      <leader>03762nab a2200733 u 4500</leader>
      <controlfield tag="001">9915612875907426</controlfield>
      <controlfield tag="005">20221118221704.0</controlfield>
      <controlfield tag="008">070807e200706 xx |||||o|||||||||||eng||</controlfield>
      <datafield tag="016" ind1="7" ind2="    ">
         <subfield code="a">IND43938677</subfield>
         <subfield code="2">DNAL</subfield>
      </datafield>
      <datafield tag="024" ind1="7" ind2=" ">
         <subfield code="a">17331910</subfield>
          <subfield code="2">pmid</subfield>
      </datafield>
      <datafield tag="024" ind1="7" ind2=" ">
         <subfield code="a">10.1093/treephys/27.6.921</subfield>
         <subfield code="2">doi</subfield>
      </datafield>
      <datafield tag="035" ind1=" " ind2=" ">
         <subfield code="a">agid:1440112-01nal_inst</subfield>
      </datafield>
      <datafield tag="040" ind1=" " ind2=" ">
         <subfield code="a">AGL</subfield>
         <subfield code="b">eng</subfield>
         <subfield code="c">AGL</subfield>
      </datafield>
      <datafield tag="072" ind1=" " ind2="0">
         <subfield code="a"> F600 </subfield>
      </datafield>
      <datafield tag="072" ind1=" " ind2="0">
         <subfield code="a"> K001 </subfield>
      </datafield>
      <datafield tag="100" ind1="1" ind2=" ">
         <subfield code="a">Taylor, A.M.</subfield>
      </datafield>
      <datafield tag="245" ind1="1" ind2="0">
         <subfield code="a">Radial patterns of carbon isotopes in the xylem extractives and
                cellulose of Douglas-fir</subfield>
      </datafield>
      <datafield tag="300" ind1=" " ind2=" ">
         <subfield code="a">p. 921-927.</subfield>
      </datafield>
      <datafield tag="500" ind1=" " ind2=" ">
         <subfield code="a">2019-12-04</subfield>
      </datafield>
      <datafield tag="520" ind1=" " ind2=" ">
         <subfield code="a">Heartwood extractives (nonstructural wood components) are believed to
                be formed from a combination of compounds present in the adjacent sapwood and
                materials imported from the phloem. The roles of local compounds and imported
                material in heartwood formation could have important implications for the wood
                quality of species having naturally durable wood. Stable isotope composition
                (δ(13)C) was analyzed to assess radial variation in sapwood extractives, and to
                estimate the relative importance of adjacent sapwood extractives and imported
                photosynthate in the formation of heartwood extractives. Cellulose and extractives
                from the outer 39 annual rings of six Douglas-fir (Pseudotsuga menziesii (Mirb.)
                Franco) trees were isolated and their δ(13)C composition determined. Although the
                extractives and the cellulose showed different absolute δ(13)C values, the patterns
                of change over time (as represented by the annual rings) were similar in most cases.
                Within an annual ring, carbon isotope ratios of extractives were correlated with the
                cellulose isotope ratio (R(2) = 0.33 in sapwood, R(2) = 0.34 in heartwood for
                aqueous acetone-soluble extractives; R2 = 0.41 in sapwood for hot-water-soluble
                extractives). These data suggest that some sapwood extractives are formed when the
                wood ring forms, and remain in place until they are converted to heartwood
                extractives many years later. Sapwood extractives appear to be important sources of
                materials for the biosynthesis of heartwood extractives in Douglas-fir.</subfield>
      </datafield>
      <datafield tag="593" ind1=" " ind2=" ">
         <subfield code="a">PubAg article</subfield>
      </datafield>
      <datafield tag="650" ind1=" " ind2="3">
         <subfield code="a">radionuclides</subfield>
      </datafield>
      <datafield tag="650" ind1=" " ind2="3">
         <subfield code="a">forest trees</subfield>
      </datafield>
      <datafield tag="650" ind1=" " ind2="3">
         <subfield code="a">quantitative analysis</subfield>
      </datafield>
      <datafield tag="650" ind1=" " ind2="3">
         <subfield code="a">stems</subfield>
      </datafield>
      <datafield tag="650" ind1=" " ind2="3">
         <subfield code="a">radiolabeling</subfield>
      </datafield>
      <datafield tag="650" ind1=" " ind2="3">
         <subfield code="a">heartwood</subfield>
      </datafield>
      <datafield tag="650" ind1=" " ind2="3">
         <subfield code="a">cellulose</subfield>
      </datafield>
      <datafield tag="650" ind1=" " ind2="3">
         <subfield code="a">carbon</subfield>
      </datafield>
      <datafield tag="650" ind1=" " ind2="3">
         <subfield code="a">spatial variation</subfield>
      </datafield>
      <datafield tag="650" ind1=" " ind2="3">
         <subfield code="a">chemical constituents of plants</subfield>
      </datafield>
      <datafield tag="650" ind1=" " ind2="3">
         <subfield code="a">Pseudotsuga menziesii</subfield>
      </datafield>
      <datafield tag="650" ind1=" " ind2="3">
         <subfield code="a">sapwood</subfield>
      </datafield>
      <datafield tag="650" ind1=" " ind2="2">
         <subfield code="a">Biological Transport</subfield>
      </datafield>
      <datafield tag="650" ind1=" " ind2="2">
         <subfield code="a">Carbon Isotopes</subfield>
         <subfield code="x">metabolism</subfield>
      </datafield>
      <datafield tag="650" ind1=" " ind2="2">
         <subfield code="a">Cellulose</subfield>
         <subfield code="x">metabolism</subfield>
      </datafield>
      <datafield tag="650" ind1=" " ind2="2">
         <subfield code="a">Plant Exudates</subfield>
         <subfield code="x">metabolism</subfield>
      </datafield>
      <datafield tag="650" ind1=" " ind2="2">
         <subfield code="a">Pseudotsuga</subfield>
         <subfield code="x">metabolism</subfield>
      </datafield>
      <datafield tag="650" ind1=" " ind2="2">
         <subfield code="a">Time Factors</subfield>
      </datafield>
      <datafield tag="650" ind1=" " ind2="2">
         <subfield code="a">Xylem</subfield>
         <subfield code="x">metabolism</subfield>
      </datafield>
      <datafield tag="651" ind1=" " ind2="3">
         <subfield code="a">Oregon</subfield>
      </datafield>
      <datafield tag="653" ind1=" " ind2="0">
         <subfield code="a">xylem</subfield>
      </datafield>
      <datafield tag="700" ind1="1" ind2=" ">
         <subfield code="a">Brooks, J.R.</subfield>
      </datafield>
      <datafield tag="700" ind1="1" ind2=" ">
         <subfield code="a">Lachenbruch, B.</subfield>
      </datafield>
      <datafield tag="700" ind1="1" ind2=" ">
         <subfield code="a">Morrell, J.J.</subfield>
      </datafield>
      <datafield tag="773" ind1="0" ind2=" ">
         <subfield code="t">Tree physiology.</subfield>
         <subfield code="g">2007 June, v. 27, no. 6 p.921-927</subfield>
         <subfield code="x">0829-318X</subfield>
         <subfield code="7">nnas</subfield>
      </datafield>
      <datafield tag="787" ind1="1" ind2=" ">
         <subfield code="o">islandora_article_repository</subfield>
      </datafield>
      <datafield tag="787" ind1="1" ind2=" ">
         <subfield code="o">product_pubag</subfield>
      </datafield>
      <datafield tag="787" ind1="1" ind2=" ">
         <subfield code="o">(Journal)jnl41003</subfield>
      </datafield>
      <datafield tag="852" ind1=" " ind2=" ">
         <subfield code="a">DNAL</subfield>
      </datafield>
      <datafield tag="856" ind1="4" ind2="0">
         <subfield code="u">http://dx.doi.org/10.1093/treephys/27.6.921</subfield>
         <subfield code="3">Available from publisher's Web site</subfield>
      </datafield>
      <datafield tag="912" ind1=" " ind2=" ">
         <subfield code="a">Article</subfield>
      </datafield>
      <datafield tag="914" ind1=" " ind2=" ">
         <subfield code="a">Journal:jnl41003</subfield>
      </datafield>
      <datafield tag="914" ind1=" " ind2=" ">
         <subfield code="f">Tree physiology</subfield>
      </datafield>
      <datafield tag="917" ind1=" " ind2=" ">
         <subfield code="a">issued</subfield>
      </datafield>
      <datafield tag="930" ind1=" " ind2=" ">
         <subfield code="a">20070921</subfield>
         <subfield code="b">20071002</subfield>
         <subfield code="c">00000000</subfield>
      </datafield>
      <datafield tag="935" ind1=" " ind2=" ">
         <subfield code="a">IND43938677</subfield>
         <subfield code="9">ExL</subfield>
      </datafield>
      <datafield tag="945" ind1=" " ind2=" ">
         <subfield code="a">IND</subfield>
         <subfield code="d">MKS</subfield>
         <subfield code="e">2007/09/21</subfield>
      </datafield>
      <datafield tag="946" ind1=" " ind2=" ">
         <subfield code="a">Non-US</subfield>
      </datafield>
      <datafield tag="952" ind1=" " ind2=" ">
         <subfield code="a">20070921 20071002 00000000</subfield>
         <subfield code="b">IND MKS 2007/09/21</subfield>
      </datafield>
      <datafield tag="974" ind1=" " ind2=" ">
         <subfield code="a">agid:1440112</subfield>
      </datafield>
      <datafield tag="984" ind1=" " ind2=" ">
         <subfield code="a">2014-12-24</subfield>
      </datafield>
      <datafield tag="985" ind1=" " ind2=" ">
         <subfield code="a">Converted from MARCXML to MODS version 3.4 using
                MARC21slim2MODS3-4.xsl (Revision 1.95 2014/04/23)</subfield>
      </datafield>
      <datafield tag="986" ind1=" " ind2=" ">
         <subfield code="a">3938677</subfield>
      </datafield>
   </record>