
   <!--Record: 8-->
   <record>
      <leader>03928nab a2200673 u 4500</leader>
      <controlfield tag="001">9916258088007426</controlfield>
      <controlfield tag="005">20221118023235.0</controlfield>
      <controlfield tag="008">050214e200412 xx |||||o|||||||||||eng||</controlfield>
      <datafield tag="016" ind1="7" ind2=" ">
         <subfield code="a">IND43670908</subfield>
         <subfield code="2">DNAL</subfield>
      </datafield>
      <datafield tag="024" ind1="7" ind2=" ">
         <subfield code="a">10.1111/j.1365-2745.2004.00941.x</subfield>
         <subfield code="2">doi</subfield>
      </datafield>
      <datafield tag="035" ind1=" " ind2=" ">
         <subfield code="a">agid:1391710-01nal_inst</subfield>
      </datafield>
      <datafield tag="040" ind1=" " ind2=" ">
         <subfield code="a">AGL</subfield>
         <subfield code="b">eng</subfield>
         <subfield code="c">AGL</subfield>
      </datafield>
      <datafield tag="072" ind1=" " ind2="0">
         <subfield code="a"> F300 </subfield>
      </datafield>
      <datafield tag="072" ind1=" " ind2="0">
         <subfield code="a"> K001 </subfield>
      </datafield>
      <datafield tag="072" ind1=" " ind2="0">
         <subfield code="a"> B200 </subfield>
      </datafield>
      <datafield tag="072" ind1=" " ind2="0">
         <subfield code="a"> F600 </subfield>
      </datafield>
      <datafield tag="072" ind1=" " ind2="0">
         <subfield code="a"> K250 </subfield>
      </datafield>
      <datafield tag="100" ind1="1" ind2=" ">
         <subfield code="a">Suarez, M.L.</subfield>
      </datafield>
      <datafield tag="245" ind1="1" ind2="0">
         <subfield code="a">Factors predisposing episodic drought-induced tree mortality in
                Nothofagus - site, climatic sensitivity and growth trends</subfield>
      </datafield>
      <datafield tag="300" ind1=" " ind2=" ">
         <subfield code="a">p. 954-966.</subfield>
      </datafield>
      <datafield tag="500" ind1=" " ind2=" ">
         <subfield code="a">2019-12-04</subfield>
      </datafield>
      <datafield tag="520" ind1=" " ind2=" ">
         <subfield code="a">1. Although climatic variability is a strong driving force for forest
                dynamics, drought-induced mortality has generally received much less attention than
                other types of disturbance. 2. In 1998-99 northern Patagonia was affected by one of
                the most severe droughts of the 20th century, coinciding with a strong La Nina
                event, and this caused high mortality of Nothofagus dombeyi (coihue), the dominant
                tree species in Nahuel Huapi National Park. 3. Factors involved in determining this
                mortality of N. dombeyi were examined at both patch and tree level. Radial growth
                characteristics of killed trees and survivors were compared by dendrochronological
                analyses. Relationships between growth and climate were investigated using response
                function analysis. 4. At the tree scale, individuals with variable growth were more
                prone to die from drought than trees with more regular growth. Juveniles whose
                growth patterns showed sensitivity to climate were particularly likely to die.
                However, among both killed trees and survivors, older trees were less sensitive to
                climate. 5. Mean growth rate was a good predictor of mortality in adult trees,
                showing that trees with slower growth rate were more susceptible to drought.
                Susceptible trees may have been negatively affected by the drought that affected
                northern Patagonia in 1956-57. 6. These results underscore the importance of
                considering drought-induced tree mortality as a non-random mechanism influenced by
                site, previous stress/disturbance history, ontogeny, vigour, climatic sensitivity
                and physiology. Spatial patterns of extensive full and partial crown dieback, which
                are evident in many temperate forests worldwide, may reflect the superposition of
                these predisposing factors on strong/repeated interannual fluctuations of
                climate.</subfield>
      </datafield>
      <datafield tag="593" ind1=" " ind2=" ">
         <subfield code="a">PubAg article</subfield>
      </datafield>
      <datafield tag="650" ind1=" " ind2="3">
         <subfield code="a">tree growth</subfield>
      </datafield>
      <datafield tag="650" ind1=" " ind2="3">
         <subfield code="a">temporal variation</subfield>
      </datafield>
      <datafield tag="650" ind1=" " ind2="3">
         <subfield code="a">growth rings</subfield>
      </datafield>
      <datafield tag="650" ind1=" " ind2="3">
         <subfield code="a">forest trees</subfield>
      </datafield>
      <datafield tag="650" ind1=" " ind2="3">
         <subfield code="a">drought tolerance</subfield>
      </datafield>
      <datafield tag="650" ind1=" " ind2="3">
         <subfield code="a">drought</subfield>
      </datafield>
      <datafield tag="650" ind1=" " ind2="3">
         <subfield code="a">tree and stand measurements</subfield>
      </datafield>
      <datafield tag="650" ind1=" " ind2="3">
         <subfield code="a">forest stands</subfield>
      </datafield>
      <datafield tag="650" ind1=" " ind2="3">
         <subfield code="a">climatic factors</subfield>
      </datafield>
      <datafield tag="650" ind1=" " ind2="3">
         <subfield code="a">stand characteristics</subfield>
      </datafield>
      <datafield tag="650" ind1=" " ind2="3">
         <subfield code="a">tree mortality</subfield>
      </datafield>
      <datafield tag="650" ind1=" " ind2="3">
         <subfield code="a">Nothofagus dombeyi</subfield>
      </datafield>
      <datafield tag="651" ind1=" " ind2="3">
         <subfield code="a">Argentina</subfield>
      </datafield>
      <datafield tag="653" ind1=" " ind2="0">
         <subfield code="a">weather</subfield>
      </datafield>
      <datafield tag="653" ind1=" " ind2="0">
         <subfield code="a">radial growth</subfield>
      </datafield>
      <datafield tag="700" ind1="1" ind2=" ">
         <subfield code="a">Ghermandi, L.</subfield>
      </datafield>
      <datafield tag="700" ind1="1" ind2=" ">
         <subfield code="a">Kitzberger, T.</subfield>
      </datafield>
      <datafield tag="773" ind1="0" ind2=" ">
         <subfield code="t">Journal of ecology.</subfield>
         <subfield code="g">2004 Dec., v. 92, no. 6 p.954-966</subfield>
         <subfield code="x">0022-0477</subfield>
         <subfield code="7">nnas</subfield>
      </datafield>
      <datafield tag="787" ind1="1" ind2=" ">
         <subfield code="o">islandora_article_repository</subfield>
      </datafield>
      <datafield tag="787" ind1="1" ind2=" ">
         <subfield code="o">product_pubag</subfield>
      </datafield>
      <datafield tag="787" ind1="1" ind2=" ">
         <subfield code="o">(Journal)jnl44660</subfield>
      </datafield>
      <datafield tag="852" ind1=" " ind2=" ">
         <subfield code="a">DNAL</subfield>
      </datafield>
      <datafield tag="856" ind1="4" ind2="0">
         <subfield code="u">http://dx.doi.org/10.1111/j.1365-2745.2004.00941.x</subfield>
         <subfield code="3">Available from publisher's Web site</subfield>
      </datafield>
      <datafield tag="912" ind1=" " ind2=" ">
         <subfield code="a">Article</subfield>
      </datafield>
      <datafield tag="914" ind1=" " ind2=" ">
         <subfield code="a">Journal:jnl44660</subfield>
      </datafield>
      <datafield tag="914" ind1=" " ind2=" ">
         <subfield code="f">Journal of ecology</subfield>
      </datafield>
      <datafield tag="917" ind1=" " ind2=" ">
         <subfield code="a">issued</subfield>
      </datafield>
      <datafield tag="930" ind1=" " ind2=" ">
         <subfield code="a">20080208</subfield>
         <subfield code="b">20080301</subfield>
         <subfield code="c">00000000</subfield>
      </datafield>
      <datafield tag="935" ind1=" " ind2=" ">
         <subfield code="a">IND43670908</subfield>
         <subfield code="9">ExL</subfield>
      </datafield>
      <datafield tag="945" ind1=" " ind2=" ">
         <subfield code="a">IND</subfield>
         <subfield code="d">LYN</subfield>
         <subfield code="e">2006/09/11</subfield>
      </datafield>
      <datafield tag="946" ind1=" " ind2=" ">
         <subfield code="a">Non-US</subfield>
      </datafield>
      <datafield tag="952" ind1=" " ind2=" ">
         <subfield code="a">20080208 20080301 00000000</subfield>
         <subfield code="b">IND LYN 2006/09/11</subfield>
      </datafield>
      <datafield tag="974" ind1=" " ind2=" ">
         <subfield code="a">agid:1391710</subfield>
      </datafield>
      <datafield tag="984" ind1=" " ind2=" ">
         <subfield code="a">2014-12-22</subfield>
      </datafield>
      <datafield tag="985" ind1=" " ind2=" ">
         <subfield code="a">Converted from MARCXML to MODS version 3.4 using
                MARC21slim2MODS3-4.xsl (Revision 1.95 2014/04/23)</subfield>
      </datafield>
      <datafield tag="986" ind1=" " ind2=" ">
         <subfield code="a">3670908</subfield>
      </datafield>
   </record>